@Book{Sydsaeter2016,
  author    = {Sydsæter, Knut},
  editor    = {Peter J. Hammond and Arne Strøm and Andrés Carvajal},
  publisher = {Pearson},
  title     = {Essential mathematics for economic analysis},
  year      = {2016},
  address   = {Harlow, England},
  edition   = {Fifth edition},
  isbn      = {9781292074658},
  pagetotal = {1807},
  ppn_gvk   = {1742259448},
}

@Book{Sydsaeter2011,
  editor    = {Knut Sydsæter},
  publisher = {FT Prentice Hall},
  title     = {Further mathematics for economic analysis},
  year      = {2011},
  address   = {Harlow},
  edition   = {2. ed., [Nachdr.]},
  isbn      = {9780273713289},
  pagetotal = {616},
  ppn_gvk   = {1610905571},
}

@Book{Simon1994,
  author    = {Simon, Carl P. and Blume, Lawrence E.},
  publisher = {W. W. Norton},
  title     = {Mathematics for economists},
  year      = {1994},
  address   = {New York},
  edition   = {First edition, international student edition},
  isbn      = {9780393117523},
  note      = {Hier auch später erschienene, unveränderte Nachdrucke},
  groups    = {Mathematical Economics, Mathematics for Economists},
  pagetotal = {930},
  ppn_gvk   = {64153311X},
}

@Book{Chiang2006,
  author    = {Chiang, Alpha C. and Wainwright, Kevin},
  publisher = {McGraw-Hill Interamericana},
  title     = {Métodos fundamentales de economía matemática},
  year      = {2006},
  isbn      = {9701056140},
  pages     = {708},
}

@Book{Chiang2005,
  author    = {Chiang, Alpha C. and Wainwright, Kevin},
  publisher = {McGraw-Hill [u.a.]},
  title     = {Fundamental methods of mathematical economics},
  year      = {2005},
  address   = {Boston, Mass. [u.a.]},
  edition   = {4. ed.},
  isbn      = {0070109109},
  groups    = {Mathematical Economics},
  pagetotal = {688},
  ppn_gvk   = {394094808},
}

@Book{Silberberg2007,
  author    = {Silberberg, Eugene and Suen, Wing-chuen},
  publisher = {Irwin McGraw-Hill},
  title     = {The structure of economics},
  year      = {2007},
  address   = {Boston [u.a.]},
  edition   = {3. ed., internat. ed.; Nachdr.},
  isbn      = {0071181369},
  note      = {Hier auch später erschienene, unveränderte Nachdrucke},
  pagetotal = {668},
  ppn_gvk   = {1608819566},
  subtitle  = {A mathematical analysis},
}

@Book{Silberberg1993,
  author    = {Silberberg, Eugene},
  publisher = {McGraw-Hill},
  title     = {The structure of economics},
  year      = {1993},
  address   = {New York, NY [u.a.]},
  edition   = {2. ed., 6. print.},
  isbn      = {0070575509},
  note      = {Includes bibliographical references and index},
  groups    = {Mathematical Economics},
  pagetotal = {686},
  ppn_gvk   = {171956109},
  subtitle  = {A mathematical analysis},
}

@Book{Intriligator2002,
  author    = {Intriligator, Michael D.},
  publisher = {Society for Industrial and Applied Mathematics (SIAM, 3600 Market Street, Floor 6, Philadelphia, PA 19104)},
  title     = {Mathematical optimization and economic theory},
  year      = {2002},
  address   = {Philadelphia, Pa.},
  isbn      = {9780898719215},
  note      = {System requirements: Adobe Acrobat Reader},
  number    = {39},
  series    = {Classics in applied mathematics},
  groups    = {Mathematics for Economists, Mathematical Economics},
  pagetotal = {1508},
  ppn_gvk   = {680114963},
  subtitle  = {Originally published: Englewood Cliffs, N.J. : Prentice-Hall, 1971},
}

@Book{Dixit2009,
  author    = {Dixit, Avinash K.},
  publisher = {Oxford Univ. Pr.},
  title     = {Optimization in economic theory},
  year      = {2009},
  address   = {Oxford [u.a.]},
  edition   = {2. ed., reprint.},
  isbn      = {0198772106},
  groups    = {Mathematical Economics},
  pagetotal = {188},
  ppn_gvk   = {1614919305},
}

@Book{Stokey2004,
  author    = {Stokey, Nancy L. and Lucas, Robert E.},
  publisher = {Harvard Univ. Press},
  title     = {Recursive methods in economic dynamics},
  year      = {2004},
  address   = {Cambridge, Mass. [u.a.]},
  edition   = {7. printing},
  isbn      = {0674750969},
  pagetotal = {588},
  ppn_gvk   = {1601929862},
}

@Book{Irigoyen2009,
  author    = {Irigoyen, Claudio},
  editor    = {Esteban Rossi-Hansberg and Mark L.J. Wright},
  publisher = {Harvard University Press},
  title     = {Solutions Manual for Recursive Methods in Economic Dynamics},
  year      = {2009},
  address   = {Cambridge},
  edition   = {Online-Ausg.},
  isbn      = {9780674008885},
  note      = {Description based upon print version of record},
  series    = {EBL-Schweitzer},
  pagetotal = {1304},
  ppn_gvk   = {1658805046},
}

@Book{Ljungqvist2018,
  author    = {Ljungqvist, Lars},
  editor    = {Thomas J. Sargent},
  publisher = {The MIT Press},
  title     = {Recursive macroeconomic theory},
  year      = {2018},
  address   = {Cambridge, Massachusetts},
  edition   = {Fourth edition},
  isbn      = {0262038668},
  note      = {Revised edition of the authors' Recursive macroeconomic theory, c2012},
  pagetotal = {1437},
  ppn_gvk   = {1011539977},
}

@Book{MasColell1995,
  author    = {Mas-Colell, Andreu and Whinston, Michael D. and Green, Jerry R.},
  publisher = {Oxford Univ. Press},
  title     = {Microeconomic theory},
  year      = {1995},
  address   = {New York, NY [u.a.]},
  isbn      = {9780195102680},
  note      = {Lösungsbd. u.d.T.: Hara, Chiaki: Solutions manual for microeconomic theory. Paperbackausg. als: Oxford student edition. Hier auch später erschienene, unveränderte Nachdrucke},
  groups    = {Microeconomics},
  pagetotal = {981},
  ppn_gvk   = {185423485},
}

@Book{Asano2013,
  author    = {Asano, Akihito},
  publisher = {Cambridge University Press},
  title     = {An introduction to mathematics for economics},
  year      = {2013},
  address   = {Cambridge},
  isbn      = {9780521189460},
  note      = {Title from publisher's bibliographic system (viewed on 18 Jul 2016)},
  pagetotal = {1267},
  ppn_gvk   = {176162945X},
}

@Book{Basu2009,
  author    = {Basu, Dipak R.},
  publisher = {World Scientific Publishing Co Pte Ltd},
  title     = {Economic Models},
  year      = {2009},
  address   = {Singapore},
  isbn      = {9789812836465},
  note      = {Description based on publisher supplied metadata and other sources.},
  pagetotal = {1248},
  ppn_gvk   = {1696504066},
  subtitle  = {Methods, Theory and Applications},
}

@Book{Border1999,
  author    = {Border, Kim C.},
  publisher = {Cambridge Univ. Press},
  title     = {Fixed point theorems with applications to economics and game theory},
  year      = {1999},
  address   = {Cambridge [u.a.]},
  edition   = {Reprint},
  isbn      = {0521265649},
  note      = {Literaturverz. S. [122] - 126},
  groups    = {Mathematics for Economists, Mathematical Economics},
  pagetotal = {129},
  ppn_gvk   = {330710133},
}

@Book{Craven2005,
  editor    = {Bruce D. Craven and Sardar M. N. Islam},
  publisher = {Springer US},
  title     = {Optimization in Economics and Finance},
  year      = {2005},
  address   = {Boston, MA},
  isbn      = {9780387242804},
  note      = {Literaturverz. S. 149 - 158},
  series    = {SpringerLink},
  pagetotal = {161},
  ppn_gvk   = {164483202X},
  subtitle  = {Some Advances in Non-Linear, Dynamic, Multi-Criteria and Stochastic Models},
}

@Book{Crowley2005,
  author    = {Crowley, Patrick M.},
  publisher = {Bank of Finland},
  title     = {An intuitive guide to wavelets for economists},
  year      = {2005},
  address   = {Helsinki},
  isbn      = {9524621894},
  note      = {Internetausg.: http://www.bof.fi/eng/6_julkaisut/6.1_SPn_julkaisut/6.1.5_Keskustelualoitteita/0501netti.pdf},
  number    = {2005.1},
  series    = {Bank of Finland research discussion papers},
  pagetotal = {68},
  ppn_gvk   = {486462005},
}

@Book{Gallegati2014,
  editor    = {Marco Gallegati and Willi Semmler},
  publisher = {Springer},
  title     = {Wavelet applications in economics and finance},
  year      = {2014},
  address   = {Cham, [Germany]},
  isbn      = {9783319070612},
  note      = {Includes bibliographical references at the end of each chapters. Description based on print version record.},
  number    = {Volume 20},
  series    = {Dynamic Modeling and Econometrics in Economics and Finance},
  pagetotal = {1271},
  ppn_gvk   = {1772929263},
}

@Book{Harrison2011,
  author    = {Harrison, Michael},
  editor    = {Patrick Waldron},
  publisher = {Routledge,},
  title     = {Mathematics for economics and finance},
  year      = {2011},
  address   = {London},
  isbn      = {9781136819223},
  note      = {Includes bibliographical references (pages [501]-504) and index.},
  pagetotal = {1520},
  ppn_gvk   = {1779249314},
}

@Book{Jacques2018,
  author    = {Jacques, Ian},
  publisher = {Pearson},
  title     = {Mathematics for economics and business},
  year      = {2018},
  address   = {Harlow},
  edition   = {Ninth edition},
  isbn      = {9781292191713},
  note      = {Includes glossary and index},
  pagetotal = {1738},
  ppn_gvk   = {1796854778},
}

@Book{Klein2014,
  author    = {Klein, Michael},
  publisher = {Pearson},
  title     = {Mathematical methods for Economics},
  year      = {2014},
  address   = {Harlow},
  edition   = {Pearson new international edition, second edition},
  isbn      = {9781292053882},
  note      = {Description based on publisher supplied metadata and other sources.},
  pagetotal = {1493},
  ppn_gvk   = {1843792265},
}

@Book{Mavron2007,
  editor    = {Vassilis C. Mavron and Timothy N. Phillips},
  publisher = {Springer London},
  title     = {Elements of Mathematics for Economics and Finance},
  year      = {2007},
  address   = {London},
  isbn      = {9781846285615},
  series    = {SpringerLink},
  pagetotal = {31277},
  ppn_gvk   = {1645453243},
}

@Book{Medio1999,
  author    = {Medio, Alfredo and Gallo, Giampaolo},
  publisher = {Cambridge Univ. Press},
  title     = {Chaotic dynamics},
  year      = {1999},
  address   = {Cambridge},
  edition   = {Transferred to digital reprint.},
  isbn      = {0521484618},
  pagetotal = {344},
  ppn_gvk   = {1154149366},
  subtitle  = {Theory and applications to economics},
}

@Book{Ok2007,
  author    = {Ok, Efe A.},
  publisher = {Princeton Univ. Press},
  title     = {Real analysis with economic applications},
  year      = {2007},
  address   = {Princeton, NJ [u.a.]},
  isbn      = {9780691117683},
  note      = {Literaturverz. S. [777] - 788},
  pagetotal = {802},
  ppn_gvk   = {514519517},
}

@Book{Panik2022,
  author    = {Panik, Michael J.},
  publisher = {CRC Press},
  title     = {Mathematical analysis and optimization for economists},
  year      = {2022},
  address   = {Boca Raton},
  edition   = {First edition},
  isbn      = {1000408841},
  series    = {A Chapman & Hall Book},
  pagetotal = {1325},
  ppn_gvk   = {1799853209},
}

@Book{Renshaw2012,
  author    = {Renshaw, Geoffrey},
  editor    = {Norman J. Ireland},
  publisher = {Oxford University Press},
  title     = {Maths for economics},
  year      = {2012},
  address   = {Oxford [u.a.]},
  edition   = {3. ed.},
  isbn      = {0199602123},
  note      = {Originally published: 2005. - Previous ed.: 2009. - Includes index},
  groups    = {Mathematical Economics},
  pagetotal = {674},
  ppn_gvk   = {667696121},
}

@Book{Rosser2004,
  author    = {Rosser, Mike},
  publisher = {Taylor & Francis Group Plc},
  title     = {Basic Mathematics for Economists},
  year      = {2004},
  isbn      = {0203424395},
}

@Book{Takayama2006,
  author    = {Takayama, Akira},
  publisher = {Cambridge Univ. Press},
  title     = {Mathematical economics},
  year      = {2006},
  address   = {Cambridge [u.a.]},
  edition   = {2. ed., transferred to digital print.},
  isbn      = {0521314984},
  pagetotal = {737},
  ppn_gvk   = {1602422702},
}

@Book{Vali2014,
  author    = {Vali, Shapoor},
  publisher = {Atlantis Press},
  title     = {Principles of Mathematical Economics},
  year      = {2014},
  address   = {Paris},
  isbn      = {9789462390362},
  series    = {SpringerLink},
  pagetotal = {49112160},
  ppn_gvk   = {1653173165},
}

@Book{Vali2015,
  author    = {Vali, Shapoor},
  publisher = {Atlantis Press},
  title     = {Principles of Mathematical Economics II},
  year      = {2015},
  address   = {Paris},
  isbn      = {9789462390881},
  note      = {Description based upon print version of record},
  series    = {SpringerLink},
  pagetotal = {2905428},
  ppn_gvk   = {1655076191},
  subtitle  = {Solutions Manual, Supplementary Materials and Supplementary Exercises},
}

@Book{Robbins2000,
  author    = {Robbins, Lionel},
  publisher = {Princeton Univ. Press},
  title     = {A history of economic thought},
  year      = {2000},
  address   = {Princeton, NJ [u.a.]},
  edition   = {1st paperback ed.},
  isbn      = {9781282753594},
  note      = {Description based upon print version of record},
  pagetotal = {375},
  ppn_gvk   = {1650734832},
  subtitle  = {The LSE lectures},
}

@Book{Blaug2006,
  author    = {Blaug, Mark},
  publisher = {Cambridge Univ. Press},
  title     = {Economic theory in retrospect},
  year      = {2006},
  address   = {Cambridge [u.a.]},
  edition   = {5. ed., reprint},
  isbn      = {0521577012},
  note      = {Hier auch später erschienene, unveränderte Nachdrucke},
  pagetotal = {725},
  ppn_gvk   = {550881247},
}

@Book{Takayama2006a,
  author    = {Takayama, Akira},
  publisher = {Harvester Wheatsheaf},
  title     = {Analytical methods in economics},
  year      = {2006},
  address   = {New York [u.a.]},
  edition   = {6. print.},
  isbn      = {9780472081356},
  pagetotal = {672},
  ppn_gvk   = {1610261194},
}

@Book{Jarrow1997,
  author    = {Jarrow, Robert A.},
  publisher = {McGraw-Hill},
  title     = {Modelling fixed income securities and interest rate options},
  year      = {1997},
  address   = {New York [u.a.]},
  edition   = {[Nachdr.]},
  isbn      = {0079122531},
  note      = {Literaturangaben},
  series    = {McGraw-Hill series in finance},
  pagetotal = {256},
  ppn_gvk   = {213542692},
}

@Book{MunozGarcia2017,
  author    = {Muñoz-García, Félix},
  publisher = {The MIT Press},
  title     = {Practice exercises for Advanced microeconomic theory},
  year      = {2017},
  address   = {Cambridge, Massachusetts},
  isbn      = {9780262533140},
  note      = {"This workbook provides solutions and step-by-step explanations for the odd-numbered exercises in Advanced microeconomic theory."},
  pagetotal = {286},
  ppn_gvk   = {886100623},
}

@Book{Dunaway2020,
  author    = {Dunaway, Eric},
  editor    = {John C. Strandholm and Ana Espinola-Arredondo and Félix Muñoz-García},
  publisher = {The MIT Press},
  title     = {Practice exercises for Intermediate microeconomic theory},
  year      = {2020},
  address   = {Cambridge, Massachusetts$aLondon, England},
  isbn      = {9780262539852},
  pagetotal = {413},
  ppn_gvk   = {1693019590},
  subtitle  = {Tools and step-by-step examples},
}

@Book{Graetzer2007,
  author    = {Grätzer, George},
  publisher = {Springer},
  title     = {More Math into LATEX},
  year      = {2007},
  address   = {New York},
  edition   = {4. ed.},
  isbn      = {9780387322896},
  pagetotal = {619},
  ppn_gvk   = {1652379967},
}

@Book{Graetzer2004,
  author    = {Grätzer, George A.},
  publisher = {Birkhäuser [u.a.]},
  title     = {Math into LaTeX},
  year      = {2004},
  address   = {Boston [u.a.]},
  edition   = {3. ed., 3. print},
  isbn      = {3764341319},
  note      = {Includes bibliographical references p. [521] - 524 and index},
  pagetotal = {584},
  ppn_gvk   = {482527250},
}

@Book{Salinas2005,
  author    = {Salinas Cascales, Bernardo and Saorin, Pascual Lucas},
  publisher = {Prentice Hall},
  title     = {El libro de latex},
  year      = {2005},
  isbn      = {9788420537795},
  pages     = {500},
}

@Book{Voss2011,
  editor    = {Herbert Voss},
  publisher = {UIT Cambridge},
  title     = {Typesetting tables with LATEX},
  year      = {2011},
  address   = {Cambridge},
  isbn      = {1906860254},
  note      = {Includes bibliographic references and index},
  pagetotal = {230},
  ppn_gvk   = {1616013796},
}

@Book{Voss2011a,
  author    = {Voß, Herbert},
  publisher = {UIT Cambridge},
  title     = {PSTricks},
  year      = {2011},
  address   = {Cambridge},
  isbn      = {1906860130},
  pagetotal = {902},
  ppn_gvk   = {680550704},
  subtitle  = {Graphics and postscript for [TEX] and LATEX},
}

@Book{Voss2011b,
  author    = {Voss, Herbert},
  publisher = {UIT Cambridge},
  title     = {Typesetting mathematics with LATEX},
  year      = {2011},
  address   = {Cambridge, England},
  isbn      = {9781906860172},
  note      = {Includes bibliographical references and index},
  pagetotal = {285},
  ppn_gvk   = {1810870895},
}

@Book{Adda2003,
  author    = {Adda, Jérôme},
  editor    = {Russell W. Cooper},
  publisher = {The MIT Press},
  title     = {Dynamic economics},
  year      = {2003},
  address   = {Cambridge, Massachusetts},
  isbn      = {1282099728},
  note      = {Description based on publisher supplied metadata and other sources.},
  pagetotal = {1},
  ppn_gvk   = {1694184420},
  subtitle  = {Quantitative methods and applications},
}

@Book{Bewley2009,
  author    = {Bewley, Truman F.},
  publisher = {Harvard University Press},
  title     = {General Equilibrium, Overlapping Generations Models, and Optimal Growth Theory},
  year      = {2009},
  address   = {Cambridge},
  isbn      = {9780674022881},
  note      = {Description based upon print version of record},
  pagetotal = {624},
  ppn_gvk   = {836901207},
}

@Book{Bazaraa2006,
  author    = {Bazaraa, Mokhtar S.},
  editor    = {Hanif D. Sherali and Chitharanjan M. Shetty},
  publisher = {Wiley-Interscience},
  title     = {Nonlinear programming},
  year      = {2006},
  address   = {Hoboken, N.J},
  edition   = {3rd ed},
  isbn      = {9780471787761},
  note      = {Includes bibliographical references (pages 779-841) and index},
  pagetotal = {1853},
  ppn_gvk   = {167967966X},
  subtitle  = {Theory and algorithms},
}

@Book{Nicholson2014,
  author    = {Nicholson, Walter and Snyder, Christopher},
  publisher = {CENGAGE Learning},
  title     = {Teoría Microeconómica Principios Básicos y Ampliaciones},
  year      = {2014},
  isbn      = {9786075220284},
  subtitle  = {Principios Básicos y Ampliaciones},
}

@Book{Lee2019,
  author    = {Lee, Frederic S.},
  editor    = {Tae-Hee Jo},
  publisher = {Routledge},
  title     = {Microeconomic theory},
  year      = {2019},
  address   = {London},
  edition   = {First issued in paperback},
  isbn      = {9780415247313},
  note      = {Enthält Literaturangaben und Index},
  number    = {37},
  series    = {Routledge advances in heterodox economics},
  pagetotal = {273},
  ppn_gvk   = {1687005400},
  subtitle  = {A heterodox approach},
}

@Book{Becker2006,
  editor    = {William E. Becker and Michael W. Watts and Suzanne R. Becker},
  publisher = {Elgar},
  title     = {Teaching economics},
  year      = {2006},
  address   = {Cheltenham [u.a.]},
  isbn      = {184376623X},
  note      = {Includes bibliographical references and index},
  pagetotal = {225},
  ppn_gvk   = {838126782},
  subtitle  = {More alternatives to chalk and talk ; [restoring fun to games ; classroom experiments ; cooperative learning ; case method ; internet and computer technology ; learning at a distance ; quantitative methods]},
}

@Book{Judd1999,
  author    = {Judd, Kenneth L.},
  publisher = {MIT Press},
  title     = {Numerical methods in economics},
  year      = {1999},
  address   = {Cambridge, Mass. [u.a.]},
  edition   = {2. print.},
  isbn      = {0262100711},
  note      = {Literaturverz. S. [609] - 622},
  pagetotal = {633},
  ppn_gvk   = {317851659},
}

@Book{Ljungqvist2014,
  author    = {Ljungqvist, Lars},
  editor    = {Thomas J. Sargent},
  publisher = {MIT Press},
  title     = {Recursive Macroeconomic Theory},
  year      = {2014},
  address   = {Cambridge},
  isbn      = {9780262122740},
  note      = {Description based upon print version of record},
  pagetotal = {1117},
  ppn_gvk   = {836960076},
}

@Book{Blanchard2007,
  author    = {Blanchard, Olivier and Fischer, Stanley},
  publisher = {The MIT Press},
  title     = {Lectures on macroeconomics},
  year      = {2007},
  address   = {Cambridge, Mass. [u.a.]},
  edition   = {[Nachdr.]},
  isbn      = {9780262022835},
  pagetotal = {650},
  ppn_gvk   = {1610191706},
}

@Book{Champ2009,
  author    = {Champ, Bruce Alan and Freeman, Scott},
  editor    = {Bruce Champ},
  publisher = {Cambridge Univ. Press},
  title     = {Modeling monetary economies},
  year      = {2009},
  address   = {Cambridge [u.a.]},
  edition   = {2. ed., 10. printing},
  isbn      = {9780521789745},
  note      = {Literaturverz. S. 307 - 312},
  pagetotal = {325},
  ppn_gvk   = {640333885},
}

@Book{Mishkin2008,
  author    = {Mishkin, Frederic},
  publisher = {Pearson Education},
  title     = {Moneda, banca y mercados financieros.},
  year      = {2008},
  isbn      = {9789702610854},
}

@Book{Dumrauf2013,
  author    = {Dumrauf, Guillermo L.},
  publisher = {Alfaomega},
  title     = {Finanzas corporativas},
  year      = {2013},
  address   = {Buenos Aires},
  edition   = {3. ed},
  isbn      = {9789871609475},
  pagetotal = {757},
  ppn_gvk   = {772056684},
  subtitle  = {Un enfoque latinoamericano},
}

@Book{McKenzie2020,
  author    = {McKenzie, Richard B. and Lee, Dwight R.},
  publisher = {University of Cambridge ESOL Examinations},
  title     = {Microeconomics for MBAs The Economic Way of Thinking for Managers},
  year      = {2020},
  isbn      = {9781108747660},
  subtitle  = {The Economic Way of Thinking for Managers},
}

@Book{Jehle2011,
  author    = {Jehle, Geoffrey A.},
  editor    = {Philip J. Reny},
  publisher = {Pearson},
  title     = {Advanced microeconomic theory},
  year      = {2011},
  address   = {Harlow},
  edition   = {Third edition},
  isbn      = {9780273732310},
  note      = {Literaturverzeichnis: Seite 641-644},
  pagetotal = {1656},
  ppn_gvk   = {1774452693},
}

@Book{Luenberger2008,
  author    = {Luenberger, David G.},
  editor    = {Yinyu Ye},
  publisher = {Springer},
  title     = {Linear and Nonlinear Programming},
  year      = {2008},
  address   = {[Berlin},
  edition   = {Third Edition},
  isbn      = {9780387745039},
  note      = {Includes bibliographical references and index},
  series    = {SpringerLink},
  pagetotal = {546},
  ppn_gvk   = {1647204852},
}

@Book{EspinolaArredondo2020,
  author    = {Espinola-Arredondo, Ana},
  editor    = {Félix Muñoz-García},
  publisher = {The MIT Press},
  title     = {Intermediate microeconomic theory},
  year      = {2020},
  address   = {Cambridge, Massachusetts},
  isbn      = {9780262044233},
  note      = {Enthält Literaturangaben und Index},
  pagetotal = {478},
  ppn_gvk   = {1683588134},
  subtitle  = {Tools and step-by-step examples},
}

@Book{MunozGarcia2017a,
  author    = {Muñoz-García, Félix},
  publisher = {The MIT Press},
  title     = {Advanced microeconomic theory},
  year      = {2017},
  address   = {Cambridge, Massachusetts},
  isbn      = {9780262035446},
  note      = {Includes bibliographical references and index},
  pagetotal = {873},
  ppn_gvk   = {863574858},
  subtitle  = {An intuitive approach with examples},
}

@Book{Miranda2004,
  author    = {Miranda, Mario Javier},
  editor    = {Paul L. Fackler},
  publisher = {MIT},
  title     = {Applied computational economics and finance},
  year      = {2004},
  address   = {Cambridge, Mass.},
  isbn      = {0262633094},
  note      = {Formerly CIP},
  pagetotal = {510},
  ppn_gvk   = {532293975},
}

@Book{Sydsaeter2011a,
  author    = {Sydsæter, Knut and Hammond, Peter J.},
  publisher = {Financial Times Prentice Hall},
  title     = {Essential mathematics for economic analysis},
  year      = {2011},
  address   = {Harlow},
  edition   = {3. ed., [Nachdr.]},
  isbn      = {9780273713241},
  pagetotal = {721},
  ppn_gvk   = {672339641},
}

@Book{Blanchard2017,
  author    = {Blanchard, Olivier},
  publisher = {Pearson Educación},
  title     = {Macroeconomía},
  year      = {2017},
  isbn      = {9788490355350},
  pages     = {576},
}

@Book{Davidson2020,
  author    = {Davidson, Lawrence S.},
  editor    = {Andreas Hauskrecht and Jürgen von Hagen},
  publisher = {Cambridge University Press},
  title     = {Macroeconomics for business},
  year      = {2020},
  address   = {Cambridge},
  isbn      = {9781108456753},
  note      = {Title from publisher's bibliographic system (viewed on 21 Nov 2019)},
  pagetotal = {1315},
  ppn_gvk   = {1859628125},
  subtitle  = {The manager's way of understanding the global economy},
}

@Book{Otto2005,
  editor    = {Stephen R. Otto and James P. Denier},
  publisher = {Springer London},
  title     = {An Introduction to Programming and Numerical Methods in MATLAB},
  year      = {2005},
  address   = {London},
  isbn      = {9781846281334},
  series    = {SpringerLink},
  pagetotal = {4641112},
  ppn_gvk   = {1644975947},
}

@Book{Alexander2010,
  author    = {Alexander, Daniel C. and Koeberlein, Geralyn M.},
  publisher = {Cengage Learning},
  title     = {Geometría},
  year      = {2010},
  isbn      = {9786074811506},
  pages     = {590},
}

@Book{Hilpisch2015,
  author    = {Hilpisch, Yves J.},
  publisher = {Wiley},
  title     = {Derivatives analytics with Python},
  year      = {2015},
  address   = {Hoboken},
  edition   = {1},
  isbn      = {9781119038009},
  note      = {Includes bibliographical references and index},
  series    = {The wiley finance series},
  pagetotal = {11},
  ppn_gvk   = {1679567101},
  subtitle  = {Data analysis, models, simulation, calibration and hedging},
}

@Book{Kaabar2024,
  author    = {Kaabar, Sofien},
  publisher = {O'Reilly},
  title     = {Deep Learning for Finance},
  year      = {2024},
  address   = {Beijing},
  isbn      = {9781098148393},
  pagetotal = {344},
  ppn_gvk   = {1880012278},
  subtitle  = {Creating Machine & Deep Learning Models for Trading in Python},
}

@Book{Hilpisch2021,
  author    = {Hilpisch, Yves},
  publisher = {O'Reilly Media, Incorporated},
  title     = {Financial Theory with Python},
  year      = {2021},
  address   = {Sebastopol},
  isbn      = {9781098104306},
  note      = {Description based on publisher supplied metadata and other sources.},
  pagetotal = {1204},
  ppn_gvk   = {179417835X},
}

@Book{Hilpisch2019,
  author    = {Hilpisch, Yves},
  publisher = {O'Reilly},
  title     = {Python for finance},
  year      = {2019},
  address   = {Beijing},
  edition   = {Second edition},
  isbn      = {9781492024330},
  note      = {"Revision history for the second edition" - auf der Rückseite der Titelseite},
  pagetotal = {691},
  ppn_gvk   = {1067308792},
  subtitle  = {Mastering data-driven finance},
}

@Book{Mueller2017,
  author    = {Müller, Andreas Christian},
  editor    = {Sarah Guido},
  publisher = {O'Reilly Media},
  title     = {Introduction to machine learning with Python},
  year      = {2017},
  address   = {Sebastopol, CA},
  edition   = {First edition},
  pagetotal = {1378},
  ppn_gvk   = {1826641459},
  subtitle  = {A guide for data scientists},
}

@Book{VanderPlas2016,
  author    = {VanderPlas, Jake},
  publisher = {O'Reilly},
  title     = {Python data science handbook},
  year      = {2016},
  address   = {Beijing},
  edition   = {First edition},
  isbn      = {9781491912140},
  pagetotal = {1529},
  ppn_gvk   = {1683742540},
  subtitle  = {Essential tools for working with data},
}

@Comment{jabref-meta: databaseType:bibtex;}

@Comment{jabref-meta: grouping:
0 AllEntriesGroup:;
1 StaticGroup:Mathematics\;2\;1\;0xe81416ff\;MATH_INTEGRAL_BOX\;\;;
2 StaticGroup:Mathematics for Economists\;0\;1\;0x1a4d4dff\;MDI_PLUS_BOX\;\;;
1 StaticGroup:Economics\;2\;1\;0xffa500ff\;MONETIZATION_ON\;\;;
2 StaticGroup:Microeconomics\;0\;0\;0xe59400ff\;MONETIZATION_ON\;\;;
2 StaticGroup:Macroeconomics\;0\;1\;0x0051e5ff\;MONETIZATION_ON\;\;;
2 StaticGroup:Mathematical Economics\;0\;1\;0x00e539ff\;MDI_FUNCTION\;\;;
1 StaticGroup:Computer Science\;0\;1\;0xfaeb36ff\;COMPUTER\;\;;
}
