% Encoding: UTF-8

@Book{Sydsaeter2011,
  author    = {Sydsaeter, Knut and Hammond, Peter J. and Strom, Arne},
  publisher = {FT Prentice Hall},
  title     = {Further mathematics for economic analysis},
  year      = {2011},
  address   = {Harlow},
  edition   = {2. ed.},
  isbn      = {9780273713289},
}

@Book{Sydsaeter2016,
  author    = {Sydsaeter, Knut and Hammond, Peter J. and Strom, Arne and Carvajal, Andrés},
  publisher = {Pearson},
  title     = {Essential mathematics for economic analysis},
  year      = {2016},
  address   = {Harlow, England},
  edition   = {Fifth edition},
  isbn      = {9781292074658},
}

@Book{Simon1994,
  author    = {Simon, Carl P. and Blume, Lawrence E.},
  publisher = {W. W. Norton},
  title     = {Mathematics for economists},
  year      = {1994},
  address   = {New York},
  edition   = {First edition},
  isbn      = {9780393117523},
}

@Book{Chiang2006,
  author    = {Chiang, Alpha C. and Wainwright, Kevin},
  publisher = {McGraw-Hill Interamericana},
  title     = {Métodos fundamentales de economía matemática},
  year      = {2006},
  isbn      = {9701056140},
}

@Book{Silberberg1993,
  author    = {Silberberg, Eugene},
  publisher = {McGraw-Hill},
  title     = {The structure of economics},
  year      = {1993},
  address   = {New York},
  edition   = {2. ed.},
  isbn      = {0070575509},
}

@Book{Intriligator2002,
  author    = {Intriligator, Michael D.},
  publisher = {SIAM},
  title     = {Mathematical optimization and economic theory},
  year      = {2002},
  address   = {Philadelphia},
  isbn      = {9780898719215},
  }

@Book{Dixit2009,
  author    = {Dixit, Avinash K.},
  publisher = {Oxford Univ. Pr.},
  title     = {Optimization in economic theory},
  year      = {2009},
  address   = {Oxford [u.a.]},
  edition   = {2. ed., reprint.},
  isbn      = {0198772106},
}

@Book{Jehle2011,
  author    = {Jehle, Geoffrey A. and Reny, Philip J.},
  publisher = {Pearson},
  title     = {Advanced microeconomic theory},
  year      = {2011},
  address   = {Harlow},
  edition   = {Third edition},
  isbn      = {9780273732310},
}


@Comment{jabref-meta: databaseType:bibtex;}
